<record><leader>00000cas a22000007a 4500</leader><controlfield tag="001">615600168</controlfield><controlfield tag="006">m        d        </controlfield><controlfield tag="007">cr |||||||||||</controlfield><controlfield tag="008">100517c20099999fludr neo     0   a0eng  </controlfield><datafield ind1=" " ind2=" " tag="010"><subfield code="a">  2010201086</subfield></datafield><datafield ind1=" " ind2=" " tag="040"><subfield code="a">DLC</subfield><subfield code="b">eng</subfield><subfield code="c">DLC</subfield><subfield code="d">DLC</subfield><subfield code="d">OCLCQ</subfield></datafield><datafield ind1=" " ind2=" " tag="012"><subfield code="l">1</subfield></datafield><datafield ind1="1" ind2=" " tag="022"><subfield code="a">2155-2495</subfield><subfield code="2">1</subfield></datafield><datafield ind1=" " ind2=" " tag="037"><subfield code="b">The Bradenton Times, Inc., 405 26 ave. W., Bradenton, FL 34205</subfield></datafield><datafield ind1=" " ind2=" " tag="042"><subfield code="a">msc</subfield><subfield code="a">nsdp</subfield></datafield><datafield ind1="1" ind2="0" tag="050"><subfield code="a">ISSN RECORD</subfield></datafield><datafield ind1=" " ind2="4" tag="222"><subfield code="a">The Bradenton Times</subfield></datafield><datafield ind1="0" ind2="4" tag="245"><subfield code="a">The Bradenton Times</subfield><subfield code="h">[electronic resource].</subfield></datafield><datafield ind1=" " ind2=" " tag="260"><subfield code="a">Bradenton, FL :</subfield><subfield code="b">Bradenton Times, Inc.</subfield></datafield><datafield ind1=" " ind2=" " tag="310"><subfield code="a">Daily</subfield></datafield><datafield ind1="1" ind2=" " tag="362"><subfield code="a">Began with: 2009.</subfield></datafield><datafield ind1=" " ind2=" " tag="588"><subfield code="a">Description based on: May 17, 2010; title from banner (thebrandentontimes.com website, viewed May 17, 2010).</subfield></datafield><datafield ind1="2" ind2=" " tag="710"><subfield code="a">Bradenton Times, Inc.</subfield></datafield><datafield ind1=" " ind2=" " tag="752"><subfield code="a">United States</subfield><subfield code="b">Florida</subfield><subfield code="d">Bradenton.</subfield></datafield><datafield ind1="4" ind2="0" tag="856"><subfield code="u">http://www.thebradentontimes.com</subfield></datafield></record>